<record><leader>00000cas a22000007a 4500</leader><controlfield tag="001">11983609</controlfield><controlfield tag="008">850430c19719999njuwr ne      0   a0eng d</controlfield><datafield ind1=" " ind2=" " tag="010"><subfield code="a">sn 85035645 </subfield></datafield><datafield ind1=" " ind2=" " tag="040"><subfield code="a">NPA</subfield><subfield code="b">eng</subfield><subfield code="c">NPA</subfield><subfield code="d">NJW</subfield><subfield code="d">NSD</subfield><subfield code="d">OCLCQ</subfield></datafield><datafield ind1=" " ind2=" " tag="012"><subfield code="m">1</subfield></datafield><datafield ind1="0" ind2=" " tag="022"><subfield code="a">1047-3351</subfield><subfield code="l">1047-3351</subfield><subfield code="2">1</subfield></datafield><datafield ind1=" " ind2=" " tag="032"><subfield code="a">061800</subfield><subfield code="b">USPS</subfield></datafield><datafield ind1=" " ind2=" " tag="037"><subfield code="b">Bound Brook Chronicle, 15 Maiden Ln., Bound Brook, N.J. 08805</subfield></datafield><datafield ind1=" " ind2=" " tag="042"><subfield code="a">msc</subfield><subfield code="a">nsdp</subfield></datafield><datafield ind1="0" ind2=" " tag="130"><subfield code="a">Bound Brook chronicle (1971)</subfield></datafield><datafield ind1=" " ind2="0" tag="222"><subfield code="a">Bound Brook chronicle</subfield><subfield code="b">(1971)</subfield></datafield><datafield ind1="1" ind2="0" tag="245"><subfield code="a">Bound Brook chronicle.</subfield></datafield><datafield ind1=" " ind2=" " tag="260"><subfield code="a">Bound Brook, N.J. :</subfield><subfield code="b">Bound Brook Press,</subfield><subfield code="c">1971-</subfield></datafield><datafield ind1=" " ind2=" " tag="300"><subfield code="a">v. :</subfield><subfield code="b">ill.</subfield></datafield><datafield ind1=" " ind2=" " tag="310"><subfield code="a">Weekly</subfield></datafield><datafield ind1="0" ind2=" " tag="362"><subfield code="a">109th yr., no. 26 (July 1, 1971)-</subfield></datafield><datafield ind1=" " ind2=" " tag="500"><subfield code="a">Published by: Forbes Newspapers, &lt;Oct. 26, 1989-&gt;</subfield></datafield><datafield ind1=" " ind2=" " tag="500"><subfield code="a">"Official paper for Bound Brook, South Bound Brook, Green Brook Township and North Plainfield."</subfield></datafield><datafield ind1=" " ind2=" " tag="530"><subfield code="a">Also issued on microfilm by the Microfilming Corp. of America, Norton Micro Images and Princeton Datafilm, Inc.</subfield></datafield><datafield ind1=" " ind2=" " tag="588"><subfield code="a">Latest issue consulted: 123rd year, no. 43 (Oct. 26, 1989).</subfield></datafield><datafield ind1=" " ind2=" " tag="752"><subfield code="a">United States</subfield><subfield code="b">New Jersey</subfield><subfield code="c">Somerset</subfield><subfield code="d">Bound Brook.</subfield></datafield><datafield ind1=" " ind2=" " tag="752"><subfield code="a">United States</subfield><subfield code="b">New Jersey</subfield><subfield code="c">Somerset</subfield><subfield code="d">South Bound Brook.</subfield></datafield><datafield ind1=" " ind2=" " tag="752"><subfield code="a">United States</subfield><subfield code="b">New Jersey</subfield><subfield code="c">Somerset</subfield><subfield code="d">Green Brook.</subfield></datafield><datafield ind1=" " ind2=" " tag="752"><subfield code="a">United States</subfield><subfield code="b">New Jersey</subfield><subfield code="c">Somerset</subfield><subfield code="d">North Plainfield.</subfield></datafield><datafield ind1="0" ind2="0" tag="780"><subfield code="t">Bound Brook chronicle, state centre-record and Somerset advocate</subfield><subfield code="w">(DLC)sn 85035644</subfield><subfield code="w">(OCoLC)11983575</subfield></datafield></record>